Automatically generated by Mendeley Desktop 1.17.12
Any changes to this file will be lost if it is regenerated by Mendeley.

BibTeX export options can be customized via Options -> BibTeX in Mendeley Desktop

@article{Gobry1999,
author = {Gobry, Fr{\'{e}}d{\'{e}}ric},
file = {:C$\backslash$:/Users/45109/AppData/Local/Mendeley Ltd./Mendeley Desktop/Downloaded/Gobry - 1999 - {\{}T{\}}his is a title.pdf:pdf},
journal = {{\{}M{\}}y journal},
pages = {120--130},
title = {{{\{}T{\}}his is a title}},
volume = {1},
year = {1999}
}
