Automatically generated by Mendeley Desktop 1.17.12
Any changes to this file will be lost if it is regenerated by Mendeley.

BibTeX export options can be customized via Options -> BibTeX in Mendeley Desktop

@misc{Nakajima2017,
author = {Nakajima, Kengo and Fujita, Takafumi and Architecture, Post Moore and Method, Iterative},
file = {:C$\backslash$:/Users/45109/AppData/Local/Mendeley Ltd./Mendeley Desktop/Downloaded/Nakajima et al. - 2017 - Key Words.txt:txt},
keywords = {hierarchy,iterative method,post moore architecture},
title = {{Key Words}},
volume = {22},
year = {2017}
}
